@string{mitpress = "MIT Press"}
@string{springer = "Springer Verlag"}
@string{ieeepress = "IEEE Computer Society Press"}
@string{addison = "Addison-Wesley Publishing Inc."}
@string{CCC = "Proc.~of the Computational Complexity Conference (CCC)"}
@string{STOC = "Proc.~of the ACM Annual Symposium on Theory of Computing (STOC)"}
@string{FOCS = "Proc.~of the IEEE Annual Symposium on Foundations of Computer Science (FOCS)"}
@string{ieeetpds = "IEEE Transactions on Parallel and Distributed Systems"}

@misc{app:ibride:native,
  author       = {Corael srl},
  title        = {Differenza tra app nativa e app ibrida},
  year         = {2021},
  howpublished = {\url{https://corael.it/qual-e-la-differenza-tra-app-nativa-e-app-ibrida/?gclid=Cj0KCQjwgO2XBhCaARIsANrW2X2GyVHY_r_m3okI4e8Kdy-KShS7Ftj0sZf30GWkEAD5f4R7_KFGfL4aAlIiEALw_wcB}}
}
@misc{ReactNativeCLI:Expo,
  author       = {fulcrum},
  title        = {React Native CLI vs Expo},
  year         = {2022},
  howpublished = {\url{https://fulcrum.rocks/blog/react-native-init-vs-expo#:~:text=to%20get%20started.-,What%20is%20Expo,testing%20of%20React%20Native%20app}}
}
@misc{ReactNative:Sito,
  author       = {Meta},
  title        = {React Native documentation},
  year         = {2022},
  howpublished = {\url{https://reactnative.dev/docs/native-modules-intro}}
}
@misc{ReactNavigation,
  author       = {Expo and Software Mansion and Callstack},
  title        = {React Navigation documentation},
  year         = {2022},
  howpublished = {\url{https://reactnavigation.org/docs/getting-started/},  \url{https://reactnavigation.org/docs/stack-navigator}}
}
@misc{Redux,
  author       = {Dan Abramov and the Redux documentation authors},
  title        = {Redux and React Redux documentation},
  year         = {2022},
  howpublished = {\url{https://redux.js.org/introduction/getting-started},  \url{https://redux.js.org/understanding/thinking-in-redux/three-principles},  \url{https://redux.js.org/understanding/thinking-in-redux/motivation},    \url{https://react-redux.js.org/introduction/getting-started} }
}
@misc{Kotlin:JetBrains,
  author       = {Jet Brains},
  title        = {Kotlin Documentation},
  year         = {2022},
  howpublished = {\url{https://kotlinlang.org/docs/android-overview.html}}
}
@misc{KotlinTech,
  author       = {Giuneco S.r.l. },
  title        = {Applicazioni native Android e IOS},
  year         = {2021},
  howpublished = {\url{https://tech.giuneco.it/applicazioni-native-android-e-ios-parte-1/}}
}
@misc{KotlinInfoWorld,
  author = {Martin Heller},
  title  = {What is Kotlin? The Java alternative Explained},
  year   = {2020},
  note   = {\url{https://www.infoworld.com/article/3224868/what-is-kotlin-the-java-alternative-explained.html#:~:text=Kotlin%20is%20a%20general%20purpose,%2C%20clarity%2C%20and%20tooling%20support}}
}
@misc{KotlinBaeldung,
  author       = {Anshul Bansal},
  title        = {Java vs. Kotlin},
  year         = {2021},
  howpublished = {\url{https://www.baeldung.com/kotlin/java-vs-kotlin#:~:text=Java%20is%20a%20strictly%20typed,type%20of%20the%20assignment%20value}}
}
@misc{Apple:Com,
  author       = {Apple},
  title        = {Swift overview},
  year         = {2022},
  howpublished = {\url{https://developer.apple.com/swift/#open-source}}
}
@misc{Apple:Swift,
  author       = {Apple},
  title        = {Swift About},
  year         = {2022},
  howpublished = {\url{https://www.swift.org/about/}}
}
@misc{Swift:ObjectC,
  author       = {Code Academy},
  title        = {Kotlin vs Swift},
  year         = {2021},
  howpublished = {\url{https://www.codecademy.com/resources/blog/kotlin-vs-swift/}}
}
@misc{GarbageCollector,
  author       = {Massimo Carli},
  title        = {Il Garbage Collector di Java},
  year         = {1998},
  howpublished = {\url{http://www.di-srv.unisa.it/~ads/corso-security/www/CORSO-9900/java/mirror/mokabyte/garbagecollector.htm}}
}
@misc{Swift:Kotlin,
  author       = {Lerma Gray},
  title        = {Kotlin vs Swift},
  year         = {2022},
  howpublished = {\url{https://devcount.com/kotlin-vs-swift/}}
}
@misc{NativeApp:MultiplatformApp,
  author       = {Satinder Singh},
  title        = {Natie App e multiplatform app},
  year         = {2021},
  howpublished = {\url{https://www.netguru.com/blog/cross-platform-vs-native-app-development}}
}
@misc{ReactNavigationContainer,
  author       = {Expo and Software Mansion and Callstack},
  title        = {React Navigation Documentation},
  year         = {2022},
  howpublished = {\url{https://reactnavigation.org/docs/navigation-container/}}
}
@misc{ReactNavigationStackNavigator,
  author       = {Expo and Software Mansion and Callstack},
  title        = {React Navigation Documrntation},
  year         = {2022},
  howpublished = {\url{https://reactnavigation.org/docs/stack-navigator#api-definition}}
}
@misc{ReduxSite,
  author       = {Expo and Software Mansion and Callstack},
  title        = {Getting started},
  year         = {2022},
  howpublished = {\url{https://www.knowledgehut.com/blog/web-development/redux-in-react-native}}
}
@misc{Axios,
  author       = {John Jakob},
  title        = {Getting Started},
  year         = {2022},
  howpublished = {\url{https://axios-http.com/docs/intro}}
}
@misc{Promise,
  author       = {Mozilla},
  title        = {promise},
  year         = {2022},
  howpublished = {\url{https://developer.mozilla.org/en-US/docs/Web/JavaScript/Reference/Global_Objects/Promise}}
}
@misc{FlatList,
  author       = {React Native},
  title        = {FlatList},
  year         = {2022},
  howpublished = {\url{https://reactnative.dev/docs/flatlist#listemptycomponent}}
}
@misc{ReactNativeComponent,
  author       = {React Native Component},
  title        = {Component rendering},
  year         = {2022},
  howpublished = {\url{https://reactnative.dev/docs/intro-react-native-components}}
}
@inbook{ReactNative,
  author    = {Bonnie Eisenman},
  chapter   = {Working with React Native},
  title     = {Learning React Native},
  year      = {2016},
  publisher = { O'Reilly Media}
}
@inbook{kotlin,
  author    = {Dawn griffiths},
  chapter   = {A quik Dip},
  title     = {Head First Kotlin},
  year      = {2019},
  publisher = { O'Reilly Media}
}

